@misc{Museu:Movi,
    author = {UNIVALI},
    title = {Museu Oceanográfico Univali - MOVI},
    howpublished = {\url{https://www.univali.br/institucional/museu-oceanografico-univali}},
    month = {},
    year = {2022},
    note = {(Accessedo em 06/16/2022)}
}

@misc{BitriseApps,
    author = {Peter Meinertzhagen},
    title = {An introduction to mobile app accessibility},
    howpublished = {\url{https://blog.bitrise.io/post/an-introduction-to-mobile-app-accessibility}},
    month = {10},
    year = {2021},
    note = {(Accessedo em 16/08/2022)}
}

@misc{Buildfire,
    author = {Buildfire},
    title = {Mobile App Download Statistics \& Usage Statistics (2022)},
    howpublished = {\url{https://buildfire.com/app-statistics}},
    month = {},
    year = {2022},
    note = {(Accessedo em 16/08/2022)}
}

@misc{Techopedia,
    author = {Techopedia},
    title = {Mobile Application (Mobile App)},
    howpublished = {\url{https://www.techopedia.com/definition/2953/mobile-application-mobile-app}},
    month = {08},
    year = {2020},
    note = {(Accessedo em 16/08/2022)}
}

@misc{Statista:MobileAppDownload,
    author = {Statista},
    title = {Number of mobile app downloads worldwide from 2016 to 2021},
    howpublished = {\url{https://www.statista.com/statistics/271644/worldwide-free-and-paid-mobile-app-store-downloads/}},
    month = {05},
    year = {2022},
    note = {(Accessedo em 16/08/2022)}
}

@misc{Statista:MobileAppAvaliable,
    author = {Statista},
    title = {Most popular Apple App Store categories as of 2nd quarter 2022, by share of available apps},
    howpublished = {\url{https://www.statista.com/statistics/270291/popular-categories-in-the-app-store/}},
    month = {08},
    year = {2021},
    note = {(Accessedo em 16/08/2022)}
}

@misc{OMS:Disability,
    author = {OMS},
    title = {Disability and health},
    howpublished = {\url{https://www.who.int/en/news-room/fact-sheets/detail/disability-and-health}},
    month = {11},
    year = {2021},
    note = {(Accessedo em 16/08/2022)}
}

@misc{W3:WCAG21,
    author = {W3C},
    title = {How to Meet WCAG (Quick Reference)},
    howpublished = {\url{https://www.w3.org/WAI/WCAG21/quickref/}},
    month = {10},
    year = {2019},
    note = {(Accessedo em 16/08/2022)}
}

@misc{MEC:Covid,
    author = {MEC},
    title = {Covid-19},
    howpublished = {\url{http://portal.mec.gov.br/pec-g/33371-cne-conselho-nacional-de-educacao/90771-covid-19}},
    month = {04},
    year = {2020},
    note = {(Accessedo em 23/08/2022)}
}

@misc{NYT:Blind,
    author = {New York Times},
    title = {Galleries From A to Z Sued Over Websites the Blind Cant Use},
    howpublished = {\url{https://www.nytimes.com/2019/02/18/arts/design/blind-lawsuits-art-galleries.html}},
    month = {02},
    year = {2019},
    note = {(Accessedo em 23/08/2022)}
}

@misc{Ipea:Metas,
    author = {Ipea},
    title = {As metas do Plano Nacional de Cultura},
    howpublished = {\url{https://www.ipea.gov.br/participacao/images/pdfs/conferencias/IIICNCultura/metas-do-plano-nacional-de-cultura.pdf}},
    month = {01},
    year = {2013},
    note = {(Accessedo em 23/08/2022)}
}

@misc{Nintendo:Louvre,
    author = {Nintendo},
    title = {The Louvre museum and Nintendo join forces to release the Audioguide Louvre - Nintendo 3DS},
    howpublished = {\url{https://www.nintendo.co.uk/News/2012/The-Louvre-museum-and-Nintendo-join-forces-to-release-the-Audioguide-Louvre-Nintendo-3DS-253622.html}},
    month = {04},
    year = {2012},
    note = {(Accessedo em 23/08/2022)}
}

@misc{TheInteractionConsortium:Canvas,
    author = {The Interaction Consortium},
    title = {Alex Osterwalder’s Business Model Canvas template: why use it and how},
    howpublished = {\url{https://interaction.net.au/articles/business-model-canvas-template/}},
    month = {04},
    year = {2012},
    note = {(Accessedo em 23/08/2022)}
}

@book{TheLeanStartup,
  title={The lean startup: how today's entrepreneurs use continuous innovation to create redically successful businesses},
  author={Eric Ries},
  year={2011},
  address = {New York},
  publisher={Crown Business}
}
